% ********** Bibliografia **********

% ***********************************************************
% W tym pliku powinny znaleŸæ siê pozycje bibliograficzne
% ***********************************************************

@INPROCEEDINGS{Dambros_Comparison, 
	author={D'Ambros, M. and Lanza, M. and Robbes, R.},
	booktitle={Mining Software Repositories (MSR), 2010 7th IEEE Working Conference on},
	title={An extensive comparison of bug prediction approaches},
	year={2010},
	month={may},
	volume={},
	number={},
	pages={31 -41},
	keywords={bug prediction approaches;resource allocation problem;software defects;software engineering;program debugging;resource allocation;software engineering;},
	doi={10.1109/MSR.2010.5463279},
	ISSN={},
}

@MISC{BugRepo01,
	author={Marco D'Ambros and Michele Lanza and Romain Robbes},
	title={Bug prediction dataset},
}

@inproceedings{Zimm2007
 author = {Zimmermann, Thomas and Premraj, Rahul and Zeller, Andreas},
 title = {Predicting Defects for Eclipse},
 booktitle = {Proceedings of the Third International Workshop on Predictor Models in Software Engineering},
 series = {PROMISE '07},
 year = {2007},
 isbn = {0-7695-2954-2},
 pages = {9--},
 url = {http://dx.doi.org/10.1109/PROMISE.2007.10},
 doi = {10.1109/PROMISE.2007.10},
 acmid = {1269057},
 publisher = {IEEE Computer Society},
 address = {Washington, DC, USA},
}



% ********** Koniec bibliografii **********
